@Article		{	art:1,
	author		= "Izhikevich, E.M.",
	title		= "Simple model of spiking neurons",
	publisher	= "IEEE",
	journal		= "IEEE Transactions on Neural Networks",
	year		= "2003",
	volume		= "14",
	number		= "6",
	pages		= "1569-1572",
	language	= "english"
}

@Article		{	art:2,
	author		= "Анохин, К.В. and и [др.]",
	title		= "Современные подходы к моделированию активности культур нейронов in vitro",
	publisher	= "Институт математических проблем биологии Российской академии наук",
	journal		= "Математическая биология и биоинформатика",
	year		= "2012",
	volume		= "7",
	number		= "2",
	pages		= "372-397 ",
	language	= "russian"
}

@Article		{	art:3,
	author		= "Abusnaina, Ahmed and Abdullah, Rosni",
	title		= "Spiking Neuron Models : A Reviewo",
	year		= "2014",
	month		= "06",
	pages		= "14-21",
	volume		= "8",
	publisher	= "Research Gate",
	journal     = "International Journal of Digital Content Technology and its Applications",
	language	= "english"
}

@Article		{	art:4,
	author		= "Izhikevich, Eugene M.",
	title		= "Which model to use for cortical spiking neurons?",
	publisher	= "IEEE",
	journal		= "IEEE Transactions on Neural Networks",
	year		= "2004",
	volume		= "15",
	number		= "5",
	pages		= "1063-1070",
	language	= "english"
}

@Article		{	art:5,
	author		= "Kotlyarevskaya, Maria V. and Zhilenkov, Anton A. and Slepova, Liudmila O.",
	title		= "Control of an actuator in the motion prosthetics device by signals of biological nervous system",
	publisher	= "IEEE",
	year		= "2018",
	journal     ="2018 IEEE Conference of Russian Young Researchers in Electrical and Electronic Engineering (EIConRus)",
	pages		= "894 - 897",
	language	= "english"
}

@Article		{	art:6,
	author		= "Zernov, Oleg I. and Zhilenkov, Anton A. and Kuznetsova, Nelly I., Kotlyarevskaya, Maria V.", 
	journal     = "2018 IEEE Conference of Russian Young Researchers in Electrical and Electronic Engineering (EIConRus)", 
	title		= "Overview of noninvasive methods in indication human body motion activity via nervous system impulses",
	publisher	= "IEEE",
	year		= "2018",
	pages		= "1020-1023",
	language	= "english"
}

@Article		{	art:7, 
	author		= "Kotlyarevskaya, Maria V. and Zhilenkov, Anton A. and Slepova, Liudmila O.", 
	journal     = "2018 IEEE Conference of Russian Young Researchers in Electrical and Electronic Engineering (EIConRus)", 
	title		= "Control of an actuator in the motion prosthetics device by signals of biological nervous system", 
	publisher	= "IEEE",
	year		= "2018", 
	pages		= "894-897",
	language	= "english"
}

@Misc           {  link:1,
    title      = "First prosthesis with direct connection to bone, nerves and muscles",
    note       = "\url{https://medicalxpress.com/news/2016-03-prosthesis-bone-nerves-muscles.html}",
    howpublished = "Website",
    month      = "15 March",
    year       = "2016",
    language   = "english"
}

@Book           {   book:1,
    author       = "Галушкин А.И.",
    title        = "Нейронные сети: основы теории",
    publisher    = "Горячая линия-Телеком",
    address      = "Москва",
    numpages     = "496",
    year         = "2012",
    language     = "russian"
}

@Book           {   book:2,
    author       = "Бабенко В.В.",
    title        = "Центральная Нервная Система: Анатомия и Физиология : Учебник Для Студентов Высших Учебных Заведений",
    publisher    = "Изд-Во Южного Федерального Университета",
    address       = "Ростов-на-Дону",
    numpages        = "213",
    year         = "2016",
    language     = "russian"
}

@Misc           {  link:2,
    title      = "What is a neuron?",
    note       = "\url{https://qbi.uq.edu.au/brain/brain-anatomy/what-neuron}",
    howpublished = "Website",
    month      = "6 November",
    year       = "2017",
    language   = "english"
}

@Misc           {  link:3,
    title      = "The membrane potential",
    note       = "\url{https://www.khanacademy.org/science/biology/human-biology/neuron-nervous-system/a/the-membrane-potential}",
    howpublished = "Website",
    year       = "2016",
    language   = "english"
}

@Misc           {  link:4,
    title      = "Neurons and Their Role in the Nervous System",
    note       = "\url{https://www.verywellmind.com/what-is-a-neuron-2794890}",
    howpublished = "Website",
    month      = "6 November",
    year       = "2017",
    language   = "english"
}

@Misc           {  link:5,
    title      = "How does a neuron work?",
    note       = "\url{http://www.wingsforlife.com/en/latest/how-does-a-neuron-work-562/}",
    howpublished = "Website",
    month      = "13 November",
    year       = "2013",
    language   = "english"
}

@Misc           {  link:6,
    title      = "Информационная функция нервной системы",
    note       = "\url{http://doctor-v.ru/med/information-function-nervous-system/}",
    howpublished = "Website",
    month      = "2 Февраля",
    year       = "2012",
    language   = "russian"
}

@Book           {   book:3,
    author     = {Izhikevich, E.M.},
    year       = {2007},
    month      = {01},
    pages      = {441},
    title      = {Dynamical systems in neuroscience: the geometry of excitability and bursting},
    volume     = {25},
    booktitle  = {Dyn. Syst}
}

@Article		{	art:8, 
	author		= "Zhilenkov, Anton A. and Kotlyarevskaya, Maria V.", 
	journal     = "2018 IEEE Conference of Russian Young Researchers in Electrical and Electronic Engineering (EIConRus)", 
	title		= "Synthesis of model of hardware realization of izhikevich model of biological neuron on the basis of FPGA", 
	publisher	= "IEEE",
	year		= "2018", 
	pages		= "1040-1043",
	language	= "english"
}

@Article        {   art:9,
    author      = "Naud, Richard and Gerstner, Wulfram",
    journal     = "PLOS Computational Biology",
    publisher   = "Public Library of Science",
    title       = "Coding and Decoding with Adapting Neurons: A Population Approach to the Peri-Stimulus Time Histogram",
    year        = "2012",
    month       = "October",
    volume      = "8",
    pages       = "1-14",
    number      = "10",
    language	= "english"
}

@Misc           {  link:7,
    title      = "Izhikevich quadratic model for spiking neurons",
    note       = "\url{http://www.physics.usyd.edu.au/teach_res/mp/ns/doc/nsIzhikevich3.htm}",
    howpublished = "Website",
    month      = "12 December",
    year       = "2016",
    language   = "english"
}